@book{Rektorys1995,
  author = {Karel Rektorys},
  title = {Přehled užité matematiky II},
  publisher = {Prometheus},
  address = {Praha},
  year = {1995},
  edition = {6., přeprac. vyd},
  ISBN = {80-85849-62-3},
}

@book{Mika1985,
  author = {Stanislav Míka},
  title = {Numerické metody algebry},
  publisher = {SNTL - Nakladatelství technické literatury},
  address = {Praha},
  year = {1985},
  edition = {2., nezm. vyd},
  ISBN = {(Brož.):},
}

